%%%%%%%%%%%%%%%%%%%%%%%%%%%%%%%%%%%%%%%%%%%%%%%%%%%%%%%%%%%%%%%%%%%%%
% In English:
%    Bibliography template.
%
% In Portuguese:
%    Modelo de bibliografaa
%
%%%%%%%%%%%%%%%%%%%%%%%%%%%%%%%%%%%%%%%%%%%%%%%%%%%%%%%%%%%%%%%%%%%%%

@article{gonzalez,
  title = {Neutrino masses and mixing: evidence and implications},
  author = {Gonzalez-Garcia, M. C. and Nir, Yosef},
  journal = {Rev. Mod. Phys.},
  volume = {75},
  issue = {2},
  pages = {345--402},
  year = {2003},
  month = {Mar},
  publisher = {American Physical Society},
  doi = {10.1103/RevModPhys.75.345},
  url = {https://link.aps.org/doi/10.1103/RevModPhys.75.345}
}

@book{gsl,
  title={GNU Scientific Library: Reference Manual},
  author={Galassi, M. and Gough, B.},
  isbn={9780954612078},
  series={GNU manual},
  url={https://books.google.com.br/books?id=CUuNPgAACAAJ},
  year={2009},
  publisher={Network Theory}
}

@article{stanford-reactors,
    author = "Bemporad, Carlo and Gratta, Giorgio and Vogel, Petr",
    title = "{Reactor Based Neutrino Oscillation Experiments}",
    eprint = "hep-ph/0107277",
    archivePrefix = "arXiv",
    doi = "10.1103/RevModPhys.74.297",
    journal = "Rev. Mod. Phys.",
    volume = "74",
    pages = "297",
    year = "2002"
}

@misc{nufit,
  title = {{NuFIT website \url{http://www.nu-fit.org/}}},
  author = "{NuFIT Collaboration}",
  url = {http://www.nu-fit.org/},
  year = {2022},
}

@misc{pris-iaea,
  title = {{Power Reactor Information System, Link: \url{https://pris.iaea.org/pris/home.aspx}}},
  author = "{International Atomic Energy Agency}",
  url = {https://pris.iaea.org/pris/home.aspx/},
  year = {2022},
}

@misc{kamland-data,
  title = {{Data release accompanying the 2nd KamLAND Reactor Result, \url{https://www.awa.tohoku.ac.jp/KamLAND/datarelease/2ndresult.html}}},
  author = "{KamLAND collaboration}",
  url = {https://www.awa.tohoku.ac.jp/KamLAND/datarelease/2ndresult.html/},
  year = {2022}
}

@phdthesis{winslow,
  author = "Winslow, Lindley Anne",
  title = "{First Solar Neutrinos from KamLAND: A Measurement of the $^8$B Solar Neutrino Flux}",
  school = "UC, Berkeley",
  year = "2008"
}

@phdthesis{detwiler,
  author = " Detwiler, Jason A.",
  title = "{Measurement of Neutrino Oscillation with KamLAND}",
  school = "Stanford University",
  year = "2005"
}

@article{refmodel,
  title = {Reference worldwide model for antineutrinos from reactors},
  author = {Baldoncini, Marica and Callegari, Ivan and Fiorentini, Giovanni and Mantovani, Fabio and Ricci, Barbara and Strati, Virginia and Xhixha, Gerti},
  journal = {Phys. Rev. D},
  volume = {91},
  issue = {6},
  pages = {065002},
  numpages = {16},
  year = {2015},
  month = {Mar},
  publisher = {American Physical Society},
  doi = {10.1103/PhysRevD.91.065002},
  url = {https://link.aps.org/doi/10.1103/PhysRevD.91.065002}
}

@article{juno,
  title = {JUNO's prospects for determining the neutrino mass ordering},
  author = {Forero, David V. and Parke, Stephen J. and Ternes, Christoph A. and Funchal, Renata Zukanovich},
  journal = {Phys. Rev. D},
  volume = {104},
  issue = {11},
  pages = {113004},
  numpages = {17},
  year = {2021},
  month = {Dec},
  publisher = {American Physical Society},
  doi = {10.1103/PhysRevD.104.113004},
  url = {https://link.aps.org/doi/10.1103/PhysRevD.104.113004}
}

@article{cross-sec,
  title = {Precise quasielastic neutrino/nucleon cross-section},
  journal = {Physics Letters B},
  volume = {564},
  number = {1},
  pages = {42-54},
  year = {2003},
  issn = {0370-2693},
  doi = {https://doi.org/10.1016/S0370-2693(03)00616-6},
  url = {https://www.sciencedirect.com/science/article/pii/S0370269303006166},
  author = {Alessandro Strumia and Francesco Vissani},
}

@article{mueller,
  title = {Improved predictions of reactor antineutrino spectra},
  author = {Mueller, Th. A. and Lhuillier, D. and Fallot, M. and Letourneau, A. and Cormon, S. and Fechner, M. and Giot, L. and Lasserre, T. and Martino, J. and Mention, G. and Porta, A. and Yermia, F.},
  journal = {Phys. Rev. C},
  volume = {83},
  issue = {5},
  pages = {054615},
  numpages = {17},
  year = {2011},
  month = {May},
  publisher = {American Physical Society},
  doi = {10.1103/PhysRevC.83.054615},
  url = {https://link.aps.org/doi/10.1103/PhysRevC.83.054615}
}

@misc{yuber,
  doi = {10.48550/ARXIV.1712.06675},
  url = {https://arxiv.org/abs/1712.06675},
  author = {Perez-Gonzalez, Yuber F.},
  keywords = {High Energy Physics - Phenomenology (hep-ph), FOS: Physical sciences, FOS: Physical sciences},
  title = {Massive Neutrinos: Phenomenological and Cosmological Consequences},
  publisher = {arXiv},
  year = {2017},
  copyright = {arXiv.org perpetual, non-exclusive license}
}

@article{spectral-distortion,
  title = {Measurement of Neutrino Oscillation with KamLAND: Evidence of Spectral Distortion},
  author = "{T. Araki, K. Eguchi, S. Enomoto, et al}",
  collaboration = {KamLAND Collaboration},
  journal = {Phys. Rev. Lett.},
  volume = {94},
  issue = {8},
  pages = {081801},
  numpages = {5},
  year = {2005},
  month = {Mar},
  publisher = {American Physical Society},
  doi = {10.1103/PhysRevLett.94.081801},
  url = {https://link.aps.org/doi/10.1103/PhysRevLett.94.081801}
}

@misc{bahcall,
  title = {{John Bahcall's website \url{http://www.sns.ias.edu/~jnb/}}},
  author = {John N. Bahcall},
  url = {http://www.sns.ias.edu/~jnb/},
  year = {2022},
}

@article{bahcall-model,
   doi = {10.1086/428929},
   url = {https://doi.org/10.1086/428929},
   year = 2005,
   month = {Jan},
   publisher = {American Astronomical Society},
   volume = {621},
   number = {1},
   pages = {L85--L88},
   author = {John N. Bahcall and Aldo M. Serenelli and Sarbani Basu},
   title = {New Solar Opacities, Abundances, Helioseismology, and Neutrino Fluxes},
   journal = {The Astrophysical Journal}
}

@article{efficient-nu,
  title = {Efficient numerical integration of neutrino oscillations in matter},
  author = {Casas, F. and D'Olivo, J. C. and Oteo, J. A.},
  journal = {Phys. Rev. D},
  volume = {94},
  issue = {11},
  pages = {113008},
  numpages = {10},
  year = {2016},
  month = {Dec},
  publisher = {American Physical Society},
  doi = {10.1103/PhysRevD.94.113008},
  url = {https://link.aps.org/doi/10.1103/PhysRevD.94.113008}
}
