%%%%%%%%%%%%%%%%%%%%%%%%%%%%%%%%%%%%%%%%%%%%%%%%%%%%%%%%%%%%%%%%%%%%%
% In English:
%    Bibliography template.
%
% In Portuguese:
%    Modelo de bibliografaa
%
%%%%%%%%%%%%%%%%%%%%%%%%%%%%%%%%%%%%%%%%%%%%%%%%%%%%%%%%%%%%%%%%%%%%%
@article{gonzalez,
  title = {Neutrino masses and mixing: evidence and implications},
  author = {Gonzalez-Garcia, M. C. and Nir, Yosef},
  journal = {Rev. Mod. Phys.},
  volume = {75},
  issue = {2},
  pages = {345--402},
  year = {2003},
  month = {Mar},
  publisher = {American Physical Society},
  doi = {10.1103/RevModPhys.75.345},
  url = {https://link.aps.org/doi/10.1103/RevModPhys.75.345}
}

@article{wolfenstein,
  title = {Neutrino oscillations in matter},
  author = {Wolfenstein, L.},
  journal = {Phys. Rev. D},
  volume = {17},
  issue = {9},
  pages = {2369--2374},
  year = {1978},
  month = {May},
  publisher = {American Physical Society},
  doi = {10.1103/PhysRevD.17.2369},
  url = {https://link.aps.org/doi/10.1103/PhysRevD.17.2369}
}

@article{smirnov,
  author = "Mikheyev, S. P. and Smirnov, A. Yu.",
  title = "{Resonance Amplification of Oscillations in Matter and Spectroscopy of Solar Neutrinos}",
  journal = "Sov. J. Nucl. Phys.",
  volume = "42",
  pages = "913--917",
  year = "1985"
}

@misc{nufit,
  title = {{NuFIT website \url{http://www.nu-fit.org/}}},
  author = "{NuFIT Collaboration}",
  url = {http://www.nu-fit.org/},
  year = {2022},
}

@misc{bahcall,
  title = {{John Bahcall's website \url{http://www.sns.ias.edu/~jnb/}}},
  author = {John N. Bahcall},
  url = {http://www.sns.ias.edu/~jnb/},
  year = {2022},
}

@book{halzen,
    author = "Halzen, F. and Martin, Alan D.",
    title = "{Quark \& Leptons: An Introductory Course In Modern Particle Physics}",
    year = "2008"
    publisher={John Wiley \& Sons}
}

@misc{python,
  title = {{Python website \url{https://www.python.org/}}},
  author = "{Python Software Foundation}",
  url = {https://www.python.org/},
  year = {2022},
}

@article{homestake,
  title = {Present Status of the Theoretical Predictions for the $^{37}\mathrm{Cl}$ Solar-Neutrino Experiment},
  author = {Bahcall, John N. and Bahcall, Neta A. and Shaviv, Giora},
  journal = {Phys. Rev. Lett.},
  volume = {20},
  issue = {21},
  pages = {1209--1212},
  numpages = {0},
  year = {1968},
  month = {May},
  publisher = {American Physical Society},
  doi = {10.1103/PhysRevLett.20.1209},
  url = {https://link.aps.org/doi/10.1103/PhysRevLett.20.1209}
}

@article{solarmodel,
	doi = {10.1086/321493},
	url = {https://doi.org/10.1086/321493},
	year = 2001,
	month = {jul},
	publisher = {American Astronomical Society},
	volume = {555},
	number = {2},
	pages = {990--1012},
	author = {John N. Bahcall and M. H. Pinsonneault and Sarbani Basu},
	title = {Solar Models: Current Epoch and Time Dependences, Neutrinos, and Helioseismological Properties},
	journal = {The Astrophysical Journal},
}

@article{superkamiokande,
  title = {Evidence for Oscillation of Atmospheric Neutrinos},
  author = "{Y. Fukuda, T. Hayakawa, E. Ichihara, et al}",
  collaboration = {Super-Kamiokande Collaboration},
  journal = {Phys. Rev. Lett.},
  volume = {81},
  issue = {8},
  pages = {1562--1567},
  numpages = {0},
  year = {1998},
  month = {Aug},
  publisher = {American Physical Society},
  doi = {10.1103/PhysRevLett.81.1562},
  url = {https://link.aps.org/doi/10.1103/PhysRevLett.81.1562}
}

@article{sno,
  author = "{Q. R. Ahmad, R. C. Allen, T. C. Andersen, et al}",
  title = {Measurement of the Rate of $\nu_e+d \to p+p+e^-$ Interactions Produced by $^{8}\mathrm{B}$ Solar Neutrinos at the Sudbury Neutrino Observatory},
  collaboration = {SNO Collaboration},
  journal = {Phys. Rev. Lett.},
  volume = {87},
  issue = {7},
  pages = {071301},
  numpages = {6},
  year = {2001},
  month = {Jul},
  publisher = {American Physical Society},
  doi = {10.1103/PhysRevLett.87.071301},
  url = {https://link.aps.org/doi/10.1103/PhysRevLett.87.071301}
}

@article{scipy,
  author  = "{P. Virtanen, R. Gommers, T. E. Oliphant, et. al}",
  title   = {{{SciPy} 1.0: Fundamental Algorithms for Scientific
            Computing in Python}},
  journal = {Nature Methods},
  year    = {2020},
  volume  = {17},
  pages   = {261--272},
  adsurl  = {https://rdcu.be/b08Wh},
  doi     = {10.1038/s41592-019-0686-2},
}

@book{schwartz,
    author = "Schwartz, Matthew D.",
    title = "{Quantum Field Theory and the Standard Model}",
    isbn = "978-1-107-03473-0, 978-1-107-03473-0",
    publisher = "Cambridge University Press",
    year = "2014"
}

@book{peskin,
    author = "Peskin, Michael E. and Schroeder, Daniel V.",
    title = "{An Introduction to quantum field theory}",
    publisher = "CRC Press",
    year = "2018"
}

@article{bahcall-model,
	doi = {10.1086/428929},
	url = {https://doi.org/10.1086/428929},
	year = 2005,
	month = {Jan},
	publisher = {American Astronomical Society},
	volume = {621},
	number = {1},
	pages = {L85--L88},
	author = {John N. Bahcall and Aldo M. Serenelli and Sarbani Basu},
	title = {New Solar Opacities, Abundances, Helioseismology, and Neutrino Fluxes},
	journal = {The Astrophysical Journal}
}

@book{ideas,
    author = "Coughlan, G. D and Dodd, J. Edmund and Gripaios, B. M.",
    title = "{The ideas of particle physics: an introduction for scientists}",
    publisher = "Cambridge University Press",
    year = "2020"
}

@article{pizzochero,
    author = "Pizzochero, P.",
    title = "{Nonadiabatic Level Crossing in Neutrino Oscillations for an Exponential Solar Density Profile}",
    doi = "10.1103/PhysRevD.36.2293",
    journal = "Phys. Rev. D",
    volume = "36",
    pages = "2293--2296",
    year = "1987"
}

@article{efficient-nu,
  title = {Efficient numerical integration of neutrino oscillations in matter},
  author = {Casas, F. and D'Olivo, J. C. and Oteo, J. A.},
  journal = {Phys. Rev. D},
  volume = {94},
  issue = {11},
  pages = {113008},
  numpages = {10},
  year = {2016},
  month = {Dec},
  publisher = {American Physical Society},
  doi = {10.1103/PhysRevD.94.113008},
  url = {https://link.aps.org/doi/10.1103/PhysRevD.94.113008}
}
